<collection xmlns="http://www.loc.gov/MARC21/slim">
   <record>
      <leader>03563cam a2200529 i 4500</leader>
      <controlfield tag="001">6815515</controlfield>
      <controlfield tag="003">OCoLC</controlfield>
      <controlfield tag="005">20150217122251.0</controlfield>
      <controlfield tag="008">140724s2015    inua     bc   001 0 eng  </controlfield>
      <datafield ind1=" " ind2=" " tag="010">
         <subfield code="a">  2014029371</subfield>
      </datafield>
      <datafield ind1=" " ind2=" " tag="015">
         <subfield code="a">GBB4C9589</subfield>
         <subfield code="2">bnb</subfield>
      </datafield>
      <datafield ind1="7" ind2=" " tag="016">
         <subfield code="a">016946014</subfield>
         <subfield code="2">Uk</subfield>
      </datafield>
      <datafield ind1=" " ind2=" " tag="020">
         <subfield code="a">9780268038434</subfield>
         <subfield code="q">hardback</subfield>
      </datafield>
      <datafield ind1=" " ind2=" " tag="020">
         <subfield code="a">0268038430</subfield>
         <subfield code="q">hardback</subfield>
      </datafield>
      <datafield ind1=" " ind2=" " tag="035">
         <subfield code="a">ocn880244325</subfield>
      </datafield>
      <datafield ind1=" " ind2=" " tag="040">
         <subfield code="a">DLC</subfield>
         <subfield code="e">rda</subfield>
         <subfield code="b">eng</subfield>
         <subfield code="c">DLC</subfield>
         <subfield code="d">YDX</subfield>
         <subfield code="d">BTCTA</subfield>
         <subfield code="d">UKMGB</subfield>
         <subfield code="d">YDXCP</subfield>
         <subfield code="d">MIN</subfield>
         <subfield code="d">OCLCF</subfield>
         <subfield code="d">BDX</subfield>
         <subfield code="d">ERASA</subfield>
         <subfield code="d">OCLCO</subfield>
         <subfield code="d">UAB</subfield>
         <subfield code="d">AEU</subfield>
      </datafield>
      <datafield ind1=" " ind2=" " tag="042">
         <subfield code="a">pcc</subfield>
      </datafield>
      <datafield ind1=" " ind2=" " tag="043">
         <subfield code="a">e------</subfield>
         <subfield code="a">n-usc--</subfield>
      </datafield>
      <datafield ind1="0" ind2="0" tag="050">
         <subfield code="a">NC225</subfield>
         <subfield code="b">.S48 2015</subfield>
      </datafield>
      <datafield ind1="0" ind2="0" tag="082">
         <subfield code="a">741.94/09032</subfield>
         <subfield code="2">23</subfield>
      </datafield>
      <datafield ind1=" " ind2=" " tag="084">
         <subfield code="a">ART006000</subfield>
         <subfield code="a">ART015090</subfield>
         <subfield code="a">ART015030</subfield>
         <subfield code="a">HIS037040</subfield>
         <subfield code="2">bisacsh</subfield>
      </datafield>
      <datafield ind1=" " ind2=" " tag="090">
         <subfield code="a">NC 225 S48 2015 folio</subfield>
         <subfield code="b">AEU</subfield>
      </datafield>
      <datafield ind1="0" ind2="0" tag="245">
         <subfield code="a">Seventeenth-century European drawings in Midwestern collections :</subfield>
         <subfield code="b">the age of Bernini, Rembrandt, and Poussin /</subfield>
         <subfield code="c">edited by Shelley Perlove and George S. Keyes ; with essays and catalogue entries by Babette Bohn, Alvin L. Clark, Jr., Robert Randolf Coleman, George S. Keyes, Judith W. Mann, Kristi A. Nelson, and Shelley Perlove.</subfield>
      </datafield>
      <datafield ind1="3" ind2=" " tag="246">
         <subfield code="a">17th-century European drawings in Midwestern collections</subfield>
      </datafield>
      <datafield ind1=" " ind2="1" tag="264">
         <subfield code="a">Notre Dame, Indiana :</subfield>
         <subfield code="b">University of Notre Dame Press,</subfield>
         <subfield code="c">[2015]</subfield>
      </datafield>
      <datafield ind1=" " ind2=" " tag="300">
         <subfield code="a">xi, 306 pages :</subfield>
         <subfield code="b">illustrations (some color) ;</subfield>
         <subfield code="c">32 cm</subfield>
      </datafield>
      <datafield ind1=" " ind2=" " tag="336">
         <subfield code="a">text</subfield>
         <subfield code="b">txt</subfield>
         <subfield code="2">rdacontent</subfield>
         <subfield code="0">http://id.loc.gov/vocabulary/contentTypes/txt</subfield>
      </datafield>
      <datafield ind1=" " ind2=" " tag="336">
         <subfield code="a">still image</subfield>
         <subfield code="b">sti</subfield>
         <subfield code="2">rdacontent</subfield>
         <subfield code="0">http://id.loc.gov/vocabulary/contentTypes/sti</subfield>
      </datafield>
      <datafield ind1=" " ind2=" " tag="337">
         <subfield code="a">unmediated</subfield>
         <subfield code="b">n</subfield>
         <subfield code="2">rdamedia</subfield>
         <subfield code="0">http://id.loc.gov/vocabulary/mediaTypes/n</subfield>
      </datafield>
      <datafield ind1=" " ind2=" " tag="338">
         <subfield code="a">volume</subfield>
         <subfield code="b">nc</subfield>
         <subfield code="2">rdacarrier</subfield>
         <subfield code="0">http://id.loc.gov/vocabulary/carriers/nc</subfield>
      </datafield>
      <datafield ind1=" " ind2=" " tag="500">
         <subfield code="a">"Adelheid Gealt and Charles Loving, the respective directors of the Indiana University Art Museum and the Snite Museum of Art of the University of Notre Dame, were supportive of ... planning an exhibition. Unfortunately, ... complications ... led to its collapse. ... Robert Randolf Coleman, the University of Notre Dame Press ... proposed turning the 'exhibition catalogue' into an independent publication."--Page ix.</subfield>
      </datafield>
      <datafield ind1=" " ind2=" " tag="504">
         <subfield code="a">Includes bibliographical references and index.</subfield>
      </datafield>
      <datafield ind1=" " ind2=" " tag="596">
         <subfield code="a">16 43</subfield>
      </datafield>
      <datafield ind1=" " ind2="0" tag="650">
         <subfield code="a">Drawing, European</subfield>
         <subfield code="y">17th century</subfield>
         <subfield code="v">Catalogs.</subfield>
      </datafield>
      <datafield ind1=" " ind2="0" tag="650">
         <subfield code="a">Drawing</subfield>
         <subfield code="z">Middle West</subfield>
         <subfield code="v">Catalogs.</subfield>
      </datafield>
      <datafield ind1="1" ind2=" " tag="700">
         <subfield code="a">Perlove, Shelley Karen,</subfield>
         <subfield code="e">editor.</subfield>
         <subfield code="0">http://id.loc.gov/authorities/names/n86048553</subfield>
         <subfield code="0">http://viaf.org/viaf/61599527</subfield>
      </datafield>
      <datafield ind1="1" ind2=" " tag="700">
         <subfield code="a">Keyes, George S.,</subfield>
         <subfield code="e">editor.</subfield>
         <subfield code="0">http://id.loc.gov/authorities/names/n82239654</subfield>
         <subfield code="0">http://viaf.org/viaf/19721201</subfield>
      </datafield>
      <datafield ind1="1" ind2=" " tag="700">
         <subfield code="a">Bohn, Babette,</subfield>
         <subfield code="d">1950-</subfield>
         <subfield code="e">contributor.</subfield>
         <subfield code="0">http://id.loc.gov/authorities/names/n86854926</subfield>
         <subfield code="0">http://viaf.org/viaf/2607056</subfield>
      </datafield>
      <datafield ind1="1" ind2=" " tag="700">
         <subfield code="a">Clark, Alvin L.,</subfield>
         <subfield code="c">Jr.,</subfield>
         <subfield code="d">1962-</subfield>
         <subfield code="e">contributor.</subfield>
         <subfield code="0">http://id.loc.gov/authorities/names/nr88003246</subfield>
         <subfield code="0">http://viaf.org/viaf/29660230</subfield>
      </datafield>
      <datafield ind1="1" ind2=" " tag="700">
         <subfield code="a">Coleman, Robert Randolf,</subfield>
         <subfield code="e">contributor.</subfield>
         <subfield code="0">http://id.loc.gov/authorities/names/n84164452</subfield>
         <subfield code="0">http://viaf.org/viaf/8793785</subfield>
      </datafield>
      <datafield ind1="1" ind2=" " tag="700">
         <subfield code="a">Mann, Judith Walker,</subfield>
         <subfield code="d">1950-</subfield>
         <subfield code="e">contributor.</subfield>
         <subfield code="0">http://id.loc.gov/authorities/names/n90601867</subfield>
         <subfield code="0">http://viaf.org/viaf/15055227</subfield>
      </datafield>
      <datafield ind1="1" ind2=" " tag="700">
         <subfield code="a">Nelson, Kristi</subfield>
         <subfield code="q">(Kristi A.),</subfield>
         <subfield code="e">contributor.</subfield>
         <subfield code="0">http://id.loc.gov/authorities/names/n98010968</subfield>
         <subfield code="0">http://viaf.org/viaf/161267341</subfield>
      </datafield>
      <datafield ind1=" " ind2=" " tag="758">
         <subfield code="0">http://worldcat.org/entity/work/id/474571</subfield>
      </datafield>
      <datafield ind1="0" ind2=" " tag="787">
         <subfield code="n">OCLC Work Id</subfield>
         <subfield code="o">http://worldcat.org/entity/work/id/474571</subfield>
      </datafield>
      <datafield ind1=" " ind2=" " tag="949">
         <subfield code="a">NC 225 S48 2015 folio</subfield>
         <subfield code="h">UAAU-B</subfield>
         <subfield code="i">0162035245784</subfield>
      </datafield>
      <datafield ind1=" " ind2=" " tag="926">
         <subfield code="a">NC 225 S48 2015 folio</subfield>
         <subfield code="w">LC</subfield>
         <subfield code="c">1</subfield>
         <subfield code="i">0162034580462</subfield>
         <subfield code="d">3/24/2015</subfield>
         <subfield code="e">3/18/2015</subfield>
         <subfield code="l">ON_SHELF</subfield>
         <subfield code="m">UAAUG</subfield>
         <subfield code="n">1</subfield>
         <subfield code="p">$150.00</subfield>
         <subfield code="r">Y</subfield>
         <subfield code="s">Y</subfield>
         <subfield code="t">BOOK</subfield>
         <subfield code="u">3/4/2015</subfield>
      </datafield>
      <datafield ind1=" " ind2=" " tag="926">
         <subfield code="a">NC 225 S48 2015 folio</subfield>
         <subfield code="w">LC</subfield>
         <subfield code="c">1</subfield>
         <subfield code="i">0162035258290</subfield>
         <subfield code="l">ON_SHELF</subfield>
         <subfield code="m">UAHSS</subfield>
         <subfield code="p">$150.00</subfield>
         <subfield code="r">Y</subfield>
         <subfield code="s">Y</subfield>
         <subfield code="t">BOOK</subfield>
         <subfield code="u">3/25/2015</subfield>
      </datafield>
   </record>
</collection>
